<?xml version="1.0" encoding="UTF-8"?>
<!--Sample XML file generated by XMLSpy v2019 rel. 3 sp1 (x64) (http://www.altova.com)-->
<AuditFile xmlns="urn:StandardAuditFile-Taxation-Financial:NO" xmlns:xsi="http://www.w3.org/2001/XMLSchema-instance" xmlns:n1="urn:StandardAuditFile-Taxation-Financial:NO" xsi:schemaLocation="urn:StandardAuditFile-Taxation-Financial:NO Norwegian_SAF-T_Financial_Schema_v_1.30.xsd">
	<Header>
		<AuditFileVersion>1.30</AuditFileVersion>
		<AuditFileCountry>NO</AuditFileCountry>
		<AuditFileDateCreated>2024-02-18</AuditFileDateCreated>
		<SoftwareCompanyName>Sluttbrukersystemet AS</SoftwareCompanyName>
		<SoftwareID>Regnskapssystemet</SoftwareID>
		<SoftwareVersion>3.14</SoftwareVersion>
		<Company>
			<RegistrationNumber>999999</RegistrationNumber>
			<Name>Selskapet AS</Name>
			<Address>
				<StreetName>Veien</StreetName>
				<Number>12</Number>
				<AdditionalAddressDetail>12b</AdditionalAddressDetail>
				<City>Trondheim</City>
				<PostalCode>7000</PostalCode>
				<Region>Sør-Trøndelag</Region>
				<Country>NO</Country>
				<AddressType>StreetAddress</AddressType>
			</Address>
			<Contact>
				<ContactPerson>
					<FirstName>Ola</FirstName>
					<Initials>ON</Initials>
					<LastNamePrefix></LastNamePrefix>
					<LastName>Nordmann</LastName>
					<BirthName>Ola Nordmann</BirthName>
					<Salutation>Hr.</Salutation>
					<OtherTitles>Daglig Leder</OtherTitles>
				</ContactPerson>
				<Telephone>75512345</Telephone>
				<Fax>23456789</Fax>
				<Email>kontaktperson@domene.offline</Email>
				<Website>http://www.domene.offline</Website>
				<MobilePhone>34567891</MobilePhone>
			</Contact>
			<TaxRegistration>
				<TaxRegistrationNumber>999999999MVA</TaxRegistrationNumber>
				<TaxAuthority>Skatteetaten</TaxAuthority>
				<TaxVerificationDate>2012-07-01</TaxVerificationDate>
			</TaxRegistration>
			<BankAccount>
				<IBANNumber>12345678911</IBANNumber>
				<BIC>ABCDEFGH</BIC>
				<CurrencyCode>NOK</CurrencyCode>
				<GeneralLedgerAccountID>1925</GeneralLedgerAccountID>
			</BankAccount>
		</Company>
		<DefaultCurrencyCode>NOK</DefaultCurrencyCode>
		<SelectionCriteria>
			<TaxReportingJurisdiction>NO</TaxReportingJurisdiction>
			<CompanyEntity>Eksempelfirma</CompanyEntity>
			<SelectionStartDate>2024-01-10</SelectionStartDate>
			<SelectionEndDate>2024-01-15</SelectionEndDate>
			<DocumentType>Eksempeldokument</DocumentType>
			<OtherCriteria>Data filtrert for intern revisjon</OtherCriteria>
		</SelectionCriteria>
		<HeaderComment>Header kommentar</HeaderComment>
		<TaxAccountingBasis>A</TaxAccountingBasis>
		<TaxEntity>Revisjon</TaxEntity>
		<UserID>1234</UserID>
		<AuditFileSender>
			<RegistrationNumber>888888</RegistrationNumber>
			<Name>Senderfirma</Name>
			<Address>
				<StreetName>Veien</StreetName>
				<Number>9</Number>
				<AdditionalAddressDetail></AdditionalAddressDetail>
				<City>Bodø</City>
				<PostalCode>8000</PostalCode>
				<Region>Nordland</Region>
				<Country>NO</Country>
				<AddressType>StreetAddress</AddressType>
			</Address>
			<Contact>
				<ContactPerson>
					<FirstName>Revisor</FirstName>
					<Initials>AF</Initials>
					<LastNamePrefix></LastNamePrefix>
					<LastName>Filsender</LastName>
					<BirthName>Revisor Filsender</BirthName>
					<Salutation>Hr.</Salutation>
					<OtherTitles>Daglig Leder</OtherTitles>
				</ContactPerson>
				<Telephone>98765432</Telephone>
				<Fax>87654321</Fax>
				<Email>kontaktperson@domene.offline</Email>
				<Website>http://www.domene.offline/</Website>
				<MobilePhone>68192754</MobilePhone>
			</Contact>
			<TaxRegistration>
				<TaxRegistrationNumber>999999999MVA</TaxRegistrationNumber>
				<TaxAuthority>Skatteetaten</TaxAuthority>
				<TaxVerificationDate>1957-08-13</TaxVerificationDate>
			</TaxRegistration>
			<BankAccount>
				<IBANNumber>NO4912345678911</IBANNumber>
				<BIC>ABCDEFGH</BIC>
				<CurrencyCode>NOK</CurrencyCode>
				<GeneralLedgerAccountID>1952</GeneralLedgerAccountID>
			</BankAccount>
		</AuditFileSender>
	</Header>
	<MasterFiles>
		<GeneralLedgerAccounts>
			<TESTFIELD>
				<TESTATTRIBUTE>1</TESTATTRIBUTE>
				<TESTCHILD>
					<TESTCHILDATTRIBUTE>2</TESTCHILDATTRIBUTE>
				</TESTCHILD>
			</TESTFIELD>>
			<Account>
				<AccountID>1500</AccountID>
				<AccountDescription>Lorem ipsum dolor sit amet...</AccountDescription>
				<GroupingCategory>Cost codes;Kostnadssted</GroupingCategory>
				<GroupingCode>01</GroupingCode>
				<AccountType>GL</AccountType>
				<AccountCreationDate>1957-08-13</AccountCreationDate>
				<OpeningDebitBalance>1234.56</OpeningDebitBalance>
				<ClosingDebitBalance>12345.67</ClosingDebitBalance>
			</Account>
		</GeneralLedgerAccounts>
		<Customers>
			<Customer>
				<RegistrationNumber>11121398761</RegistrationNumber>
				<Name>Kunde</Name>
				<Address>
					<StreetName>Veien</StreetName>
					<Number>123</Number>
					<AdditionalAddressDetail>B</AdditionalAddressDetail>
					<City>Bodø</City>
					<PostalCode>8000</PostalCode>
					<Region>Nordland</Region>
					<Country>NO</Country>
					<AddressType>PostalAddress</AddressType>
				</Address>
				<Contact>
					<ContactPerson>
						<FirstName>Ola</FirstName>
						<Initials>ON</Initials>
						<LastNamePrefix></LastNamePrefix>
						<LastName>Nordmann</LastName>
						<BirthName>Ola Nordmann</BirthName>
						<Salutation>Hr.</Salutation>
						<OtherTitles>Daglig Leder</OtherTitles>
					</ContactPerson>
					<Telephone>75512345</Telephone>
					<Fax>23456789</Fax>
					<Email>kontaktperson@domene.offline</Email>
					<Website>http://www.domene.offline/</Website>
					<MobilePhone>91234567</MobilePhone>
				</Contact>
				<TaxRegistration>
					<TaxRegistrationNumber>999999999MVA</TaxRegistrationNumber>
					<TaxAuthority>Skatteetaten</TaxAuthority>
					<TaxVerificationDate>1957-08-13</TaxVerificationDate>
				</TaxRegistration>
				<BankAccount>
					<IBANNumber>NO4912345678911</IBANNumber>
					<BIC>ABCDEFGH</BIC>
					<CurrencyCode>NOK</CurrencyCode>
					<GeneralLedgerAccountID>1952</GeneralLedgerAccountID>
				</BankAccount>
				<CustomerID>12000</CustomerID>
				<SelfBillingIndicator>a</SelfBillingIndicator>
				<BalanceAccount>
					<AccountID>1500</AccountID>
					<OpeningDebitBalance>1234.56</OpeningDebitBalance>
					<ClosingDebitBalance>12345.67</ClosingDebitBalance>
				</BalanceAccount>
				<PartyInfo>
					<PaymentTerms>
						<Days>0</Days>
						<Months>0</Months>
						<CashDiscountDays>0</CashDiscountDays>
						<CashDiscountRate>0</CashDiscountRate>
						<FreeBillingMonth>true</FreeBillingMonth>
					</PaymentTerms>
					<NaceCode>a</NaceCode>
					<CurrencyCode>NOK</CurrencyCode>
					<Type>Company</Type>
					<Status>Passive</Status>
					<Analysis>
						<AnalysisType>B</AnalysisType>
						<AnalysisID>4</AnalysisID>
					</Analysis>
					<Notes>String</Notes>
				</PartyInfo>
			</Customer>
		</Customers>
		<Suppliers>
			<Supplier>
				<RegistrationNumber>11121398761</RegistrationNumber>
				<Name>supplier1</Name>
				<Address>
					<StreetName>Veien</StreetName>
					<Number>123</Number>
					<AdditionalAddressDetail>B</AdditionalAddressDetail>
					<City>Bodø</City>
					<PostalCode>8000</PostalCode>
					<Region>Nordland</Region>
					<Country>NO</Country>
					<AddressType>ShipFromAddress</AddressType>
				</Address>
				<Contact>
					<ContactPerson>
						<FirstName>Ola</FirstName>
						<Initials>ON</Initials>
						<LastNamePrefix></LastNamePrefix>
						<LastName>Nordmann</LastName>
						<BirthName>Ola Nordmann</BirthName>
						<Salutation>Hr.</Salutation>
						<OtherTitles>Daglig Leder</OtherTitles>
					</ContactPerson>
					<Telephone>75512345</Telephone>
					<Fax>23456789</Fax>
					<Email>kontaktperson@domene.offline</Email>
					<Website>http://www.domene.offline/</Website>
					<MobilePhone>91234567</MobilePhone>
				</Contact>
				<TaxRegistration>
					<TaxRegistrationNumber>999999999MVA</TaxRegistrationNumber>
					<TaxAuthority>Skatteetaten</TaxAuthority>
					<TaxVerificationDate>1957-08-13</TaxVerificationDate>
				</TaxRegistration>
				<BankAccount>
					<IBANNumber>NO4912345678911</IBANNumber>
					<BIC>ABCDEFGH</BIC>
					<CurrencyCode>NOK</CurrencyCode>
					<GeneralLedgerAccountID>1952</GeneralLedgerAccountID>
				</BankAccount>
				<SupplierID>a</SupplierID>
				<SelfBillingIndicator>a</SelfBillingIndicator>
				<BalanceAccount>
					<AccountID>1500</AccountID>
					<OpeningDebitBalance>1234.56</OpeningDebitBalance>
					<ClosingDebitBalance>12345.67</ClosingDebitBalance>
				</BalanceAccount>
				<PartyInfo>
					<PaymentTerms>
						<Days>0</Days>
						<Months>0</Months>
						<CashDiscountDays>0</CashDiscountDays>
						<CashDiscountRate>0</CashDiscountRate>
						<FreeBillingMonth>true</FreeBillingMonth>
					</PaymentTerms>
					<NaceCode>a</NaceCode>
					<CurrencyCode>NOK</CurrencyCode>
					<Type>Government</Type>
					<Status>Passive</Status>
					<Analysis>
						<AnalysisType>B</AnalysisType>
						<AnalysisID>4</AnalysisID>
					</Analysis>
					<Notes>String</Notes>
				</PartyInfo>
			</Supplier>
			
			<Supplier>
			<RegistrationNumber>11122233344455</RegistrationNumber>
			<Name>supplier2</Name>
			<Address>
				<StreetName>Veien</StreetName>
				<Number>123</Number>
				<AdditionalAddressDetail>B</AdditionalAddressDetail>
				<City>Bodø</City>
				<PostalCode>8000</PostalCode>
				<Region>Nordland</Region>
				<Country>NO</Country>
				<AddressType>ShipFromAddress</AddressType>
			</Address>
			<Contact>
				<ContactPerson>
					<FirstName>Ola</FirstName>
					<Initials>ON</Initials>
					<LastNamePrefix></LastNamePrefix>
					<LastName>Nordmann</LastName>
					<BirthName>Ola Nordmann</BirthName>
					<Salutation>Hr.</Salutation>
					<OtherTitles>Daglig Leder</OtherTitles>
				</ContactPerson>
				<Telephone>75512345</Telephone>
				<Fax>23456789</Fax>
				<Email>kontaktperson@domene.offline</Email>
				<Website>http://www.domene.offline/</Website>
				<MobilePhone>91234567</MobilePhone>
			</Contact>
			<TaxRegistration>
				<TaxRegistrationNumber>999999999MVA</TaxRegistrationNumber>
				<TaxAuthority>Skatteetaten</TaxAuthority>
				<TaxVerificationDate>1957-08-13</TaxVerificationDate>
			</TaxRegistration>
			<BankAccount>
				<IBANNumber>NO123123123</IBANNumber>
				<BIC>ABCDEFGH</BIC>
				<CurrencyCode>NOK</CurrencyCode>
				<GeneralLedgerAccountID>1952</GeneralLedgerAccountID>
			</BankAccount>
			<SupplierID>a</SupplierID>
			<SelfBillingIndicator>a</SelfBillingIndicator>
			<BalanceAccount>
				<AccountID>1500</AccountID>
				<OpeningDebitBalance>1234.56</OpeningDebitBalance>
				<ClosingDebitBalance>12345.67</ClosingDebitBalance>
			</BalanceAccount>
			<PartyInfo>
				<PaymentTerms>
					<Days>0</Days>
					<Months>0</Months>
					<CashDiscountDays>0</CashDiscountDays>
					<CashDiscountRate>0</CashDiscountRate>
					<FreeBillingMonth>true</FreeBillingMonth>
				</PaymentTerms>
				<NaceCode>a</NaceCode>
				<CurrencyCode>NOK</CurrencyCode>
				<Type>Government</Type>
				<Status>Passive</Status>
				<Analysis>
					<AnalysisType>B</AnalysisType>
					<AnalysisID>4</AnalysisID>
				</Analysis>
				<Notes>String</Notes>
			</PartyInfo>
		</Supplier>
		</Suppliers>
		<TaxTable>
			<TaxTableEntry>
				<TaxType>MVA</TaxType>
				<Description>Merverdiavgift</Description>
				<TaxCodeDetails>
					<TaxCode>a</TaxCode>
					<EffectiveDate>1957-08-13</EffectiveDate>
					<ExpirationDate>1957-08-13</ExpirationDate>
					<Description>Bilag 6819</Description>
					<TaxPercentage>0</TaxPercentage>
					<Country>NO</Country>
					<StandardTaxCode>0</StandardTaxCode>
					<Compensation>true</Compensation>
					<BaseRate>0</BaseRate>
				</TaxCodeDetails>
			</TaxTableEntry>
		</TaxTable>
		<AnalysisTypeTable>
			<AnalysisTypeTableEntry>
				<AnalysisType>B</AnalysisType>
				<AnalysisTypeDescription>a</AnalysisTypeDescription>
				<AnalysisID>4</AnalysisID>
				<AnalysisIDDescription>a</AnalysisIDDescription>
				<StartDate>1957-08-13</StartDate>
				<EndDate>1957-08-13</EndDate>
				<Status>Closed</Status>
				<Analysis>
					<AnalysisType>B</AnalysisType>
					<AnalysisID>4</AnalysisID>
				</Analysis>
			</AnalysisTypeTableEntry>
		</AnalysisTypeTable>
		<Owners>
			<Owner>
				<RegistrationNumber>11121398761</RegistrationNumber>
				<Name>a</Name>
				<Address>
					<StreetName>Veien</StreetName>
					<Number>123</Number>
					<AdditionalAddressDetail>B</AdditionalAddressDetail>
					<City>Bodø</City>
					<PostalCode>8000</PostalCode>
					<Region>Nordland</Region>
					<Country>NO</Country>
					<AddressType>StreetAddress</AddressType>
				</Address>
				<Contact>
					<ContactPerson>
						<FirstName>Ola</FirstName>
						<Initials>ON</Initials>
						<LastNamePrefix></LastNamePrefix>
						<LastName>Nordmann</LastName>
						<BirthName>Ola Nordmann</BirthName>
						<Salutation>Hr.</Salutation>
						<OtherTitles>Daglig Leder</OtherTitles>
					</ContactPerson>
					<Telephone>75512345</Telephone>
					<Fax>23456789</Fax>
					<Email>kontaktperson@domene.offline</Email>
					<Website>http://www.domene.offline/</Website>
					<MobilePhone>91234567</MobilePhone>
				</Contact>
				<TaxRegistration>
					<TaxRegistrationNumber>999999999MVA</TaxRegistrationNumber>
					<TaxAuthority>Skatteetaten</TaxAuthority>
					<TaxVerificationDate>1957-08-13</TaxVerificationDate>
				</TaxRegistration>
				<BankAccount>
					<IBANNumber>NO4912345678911</IBANNumber>
					<BIC>ABCDEFGH</BIC>
					<CurrencyCode>NOK</CurrencyCode>
					<GeneralLedgerAccountID>1952</GeneralLedgerAccountID>
				</BankAccount>
				<OwnerID>1235</OwnerID>
				<AccountID>1500</AccountID>
			</Owner>
		</Owners>
	</MasterFiles>
	<GeneralLedgerEntries>
		<NumberOfEntries>2</NumberOfEntries>
		<TotalDebit>25000</TotalDebit>
		<TotalCredit>25000</TotalCredit>
		<Journal>
			<JournalID>A</JournalID>
			<Description>Lorem ipsum dolor sit amet...</Description>
			<Type>A</Type>
			<Transaction>
				<TransactionID>456700</TransactionID>
				<Period>10</Period>
				<PeriodYear>2015</PeriodYear>
				<TransactionDate>2015-10-30</TransactionDate>
				<SourceID>1234</SourceID>
				<VoucherType>123</VoucherType>
				<VoucherDescription>Bilagsart</VoucherDescription>
				<TransactionType>Automated</TransactionType>
				<Description>Bilag 6819</Description>
				<BatchID>234</BatchID>
				<SystemEntryDate>2015-11-12</SystemEntryDate>
				<GLPostingDate>2025-11-12</GLPostingDate>
				<ModificationDate>2015-11-12</ModificationDate>
				<SystemID>6578</SystemID>
				<Line>
					<RecordID>1</RecordID>
					<AccountID>1500</AccountID>
					<Analysis>
						<AnalysisType>B</AnalysisType>
						<AnalysisID>4</AnalysisID>
						<DebitAnalysisAmount>
							<Amount>12500</Amount>
							<CurrencyCode>NOK</CurrencyCode>
							<CurrencyAmount>12500</CurrencyAmount>
							<ExchangeRate>1</ExchangeRate>
						</DebitAnalysisAmount>
					</Analysis>
					<ValueDate>1957-08-13</ValueDate>
					<SourceDocumentID>1234</SourceDocumentID>
					<CustomerID>12000</CustomerID>
					<SupplierID>12345</SupplierID>
					<Description>Bilag 6819</Description>
					<DebitAmount>
						<Amount>12500</Amount>
						<CurrencyCode>NOK</CurrencyCode>
						<CurrencyAmount>12500</CurrencyAmount>
						<ExchangeRate>1</ExchangeRate>
					</DebitAmount>
					<TaxInformation>
						<TaxType>MVA</TaxType>
						<TaxCode>14</TaxCode>
						<TaxPercentage>25</TaxPercentage>
						<Country>NO</Country>
						<TaxBase>10000</TaxBase>
						<TaxBaseDescription>Liter</TaxBaseDescription>
						<DebitTaxAmount>
							<Amount>12500</Amount>
							<CurrencyCode>NOK</CurrencyCode>
							<CurrencyAmount>12500</CurrencyAmount>
							<ExchangeRate>1</ExchangeRate>
						</DebitTaxAmount>
						<TaxExemptionReason>Lorem ipsum dolor sit amet...</TaxExemptionReason>
						<TaxDeclarationPeriod>2015</TaxDeclarationPeriod>
					</TaxInformation>
					<ReferenceNumber>123456</ReferenceNumber>
					<CID>1234566</CID>
					<DueDate>2015-10-25</DueDate>
					<Quantity>1</Quantity>
					<CrossReference>123456</CrossReference>
					<SystemEntryTime>2001-12-17T09:30:47Z</SystemEntryTime>
					<OwnerID>1235</OwnerID>
				</Line>
			</Transaction>
			<Transaction>
				<TransactionID>4568</TransactionID>
				<Period>10</Period>
				<PeriodYear>2015</PeriodYear>
				<TransactionDate>2015-10-31</TransactionDate>
				<SourceID>1234</SourceID>
				<VoucherType>123</VoucherType>
				<VoucherDescription>Bilagsart</VoucherDescription>
				<TransactionType>Automated</TransactionType>
				<Description>Bilag 6819</Description>
				<BatchID>234</BatchID>
				<SystemEntryDate>2015-11-12</SystemEntryDate>
				<GLPostingDate>2025-11-12</GLPostingDate>
				<ModificationDate>2015-11-12</ModificationDate>
				<SystemID>6578</SystemID>
				<Line>
					<RecordID>2</RecordID>
					<AccountID>1501</AccountID>
					<Analysis>
						<AnalysisType>B</AnalysisType>
						<AnalysisID>4</AnalysisID>
						<DebitAnalysisAmount>
							<Amount>0</Amount>
							<CurrencyCode>NOK</CurrencyCode>
							<CurrencyAmount>0</CurrencyAmount>
							<ExchangeRate>0</ExchangeRate>
						</DebitAnalysisAmount>
					</Analysis>
					<ValueDate>1957-08-13</ValueDate>
					<SourceDocumentID>1512</SourceDocumentID>
					<CustomerID>12000</CustomerID>
					<SupplierID>a</SupplierID>
					<Description>Bilag 6819</Description>
					<DebitAmount>
						<Amount>25000</Amount>
						<CurrencyCode>NOK</CurrencyCode>
						<CurrencyAmount>0</CurrencyAmount>
						<ExchangeRate>0</ExchangeRate>
					</DebitAmount>
					<TaxInformation>
						<TaxType>MVA</TaxType>
						<TaxCode>13</TaxCode>
						<TaxPercentage>18</TaxPercentage>
						<Country>NO</Country>
						<TaxBase>10000</TaxBase>
						<TaxBaseDescription>Kg</TaxBaseDescription>
						<DebitTaxAmount>
							<Amount>25000</Amount>
							<CurrencyCode>NOK</CurrencyCode>
							<CurrencyAmount>0</CurrencyAmount>
							<ExchangeRate>0</ExchangeRate>
						</DebitTaxAmount>
						<TaxExemptionReason>Lorem ipsum dolor sit amet...</TaxExemptionReason>
						<TaxDeclarationPeriod>2015</TaxDeclarationPeriod>
					</TaxInformation>
					<ReferenceNumber>123456</ReferenceNumber>
					<CID>1234566</CID>
					<DueDate>2015-10-25</DueDate>
					<Quantity>0</Quantity>
					<CrossReference>123456</CrossReference>
					<SystemEntryTime>2001-12-17T09:30:47Z</SystemEntryTime>
					<OwnerID>1235</OwnerID>
				</Line>
			</Transaction>
		</Journal>
	</GeneralLedgerEntries>
</AuditFile>
